<collection xmlns="http://www.loc.gov/MARC21/slim"><record><leader>00890nam  2200253   450</leader><controlfield tag="001">85</controlfield><controlfield tag="003">http://montalegre.opacnet.com/OPAC/default.aspx?ContentAreaControl=ShowRegHoldings.ascx&amp;RegNo=16662</controlfield><controlfield tag="005">20</controlfield><datafield tag="095" ind1=" " ind2=" "><subfield code="a">PTBN00548843</subfield></datafield><datafield tag="100" ind1=" " ind2=" "><subfield code="a">19940131d1975    m  y0pory010305  ba</subfield></datafield><datafield tag="101" ind1="1" ind2=" "><subfield code="a">por</subfield><subfield code="c">fre</subfield></datafield><datafield tag="102" ind1=" " ind2=" "><subfield code="a">PT</subfield></datafield><datafield tag="200" ind1="1" ind2=" "><subfield code="a">&lt;O &gt;outro mundo ou os estados e impérios da lua</subfield><subfield code="f">Cyrano de Bergerac</subfield><subfield code="g">trad.: Emanuel Lourenço Godinho</subfield></datafield><datafield tag="210" ind1=" " ind2=" "><subfield code="a">Lisboa</subfield><subfield code="c">Estampa</subfield><subfield code="d">1975</subfield></datafield><datafield tag="215" ind1=" " ind2=" "><subfield code="a">137, [4] p.</subfield><subfield code="d">19 cm</subfield></datafield><datafield tag="225" ind1="2" ind2=" "><subfield code="a">Livro B</subfield><subfield code="v">25</subfield></datafield><datafield tag="304" ind1=" " ind2=" "><subfield code="a">Tít. orig. : L'autre monde ou les états et empires de la lune</subfield></datafield><datafield tag="675" ind1=" " ind2=" "><subfield code="a">821</subfield></datafield><datafield tag="700" ind1=" " ind2="1"><subfield code="a">Cyrano de Bergerac</subfield><subfield code="b">Savinien</subfield><subfield code="f">1619-1655</subfield></datafield><datafield tag="702" ind1=" " ind2="1"><subfield code="a">Godinho</subfield><subfield code="b">Emanuel</subfield><subfield code="4">730</subfield></datafield><datafield tag="801" ind1=" " ind2="0"><subfield code="a">PT</subfield><subfield code="b">Biblioteca Municipal de Montalegre</subfield><subfield code="g">RPC</subfield></datafield><datafield tag="856" ind1=" " ind2=" "><subfield code="u">locateMedia.asp?cod=20060508151822&amp;ext=jpg</subfield><subfield code="z">CAPA</subfield></datafield><datafield tag="909" ind1="&#9;" ind2=" "><subfield code="a">3</subfield></datafield><datafield tag="966" ind1=" " ind2=" "><subfield code="a">0008715</subfield><subfield code="l">BMM</subfield><subfield code="s">SCG 821 BER out</subfield></datafield><datafield tag="966" ind1=" " ind2=" "><subfield code="a">0008351</subfield><subfield code="l">BMM</subfield><subfield code="s">SCG 821 BER out</subfield></datafield><datafield tag="966" ind1=" " ind2=" "><subfield code="a">1002839</subfield><subfield code="l">BEM</subfield><subfield code="s">BEM 82 BER</subfield></datafield></record></collection>